@article{cochrane20,
  title={Repositioning for pressure ulcer prevention in adults},
  author={Gillespie, Brigid M and Chaboyer, Wendy P and McInnes, Elizabeth and Kent, Bridie and Whitty, Jennifer A and Thalib, Lukman},
  journal={Cochrane Database of Systematic Reviews},
  number={4},
  year={2014},
  publisher={John Wiley \& Sons, Ltd}
}

@article{cochrane14,
  title={Repositioning for pressure ulcer prevention in adults},
  author={Gillespie, Brigid M and Chaboyer, Wendy P and McInnes, Elizabeth and Kent, Bridie and Whitty, Jennifer A and Thalib, Lukman},
  journal={Cochrane Database of Systematic Reviews},
  number={4},
  year={2014},
  publisher={John Wiley \& Sons, Ltd}
}

@article{cochranesupport,
  title={Support surfaces for pressure ulcer prevention},
  author={McInnes, Elizabeth and Jammali-Blasi, Asmara and Bell-Syer, Sally EM and Dumville, Jo C and Middleton, Victoria and Cullum, Nicky},
  journal={Cochrane Database of Systematic Reviews},
  number={9},
  year={2015},
  publisher={John Wiley \& Sons, Ltd}
}

@book{npuapguide,
  title={Prevention and treatment of pressure ulcers: quick reference guide},
  author={National Pressure Ulcer Advisory Panel (US), European Pressure Ulcer Advisory Panel and Pan Pacific Pressure Injury Alliance and Haesler, Emily},
  year={2014},
city = {Perth},
  publisher={Cambridge Media}
}

@book{biomechanics,
  title={Bed sore biomechanics},
  author={Kenedi, Robert Maximilian},
  year={2015},
  publisher={Macmillan International Higher Education}
}

@article{history,
  title={Pressure ulcers: Back to the basics},
  author={Agrawal, Karoon and Chauhan, Neha},
  journal={Indian Journal of Plastic Surgery},
  volume={45},
  number={02},
  pages={244--254},
  year={2012},
  publisher={Thieme Medical and Scientific Publishers Private Ltd.}
}

@article{iscreper,
  title={Ischemia-reperfusion injury in chronic pressure ulcer formation: a skin model in the rat},
  author={Peirce, Shayn M and Skalak, Thomas C and Rodeheaver, George T},
  journal={Wound repair and regeneration},
  volume={8},
  number={1},
  pages={68--76},
  year={2000},
  publisher={Wiley Online Library}
}

@incollection{bloodflow,
  title={The effect of pressure loading on the blood flow rate in human skin},
  author={Daly, CH and Chimoskey, JE and Holloway, GA and Kennedy, D},
  booktitle={Bed sore biomechanics},
  pages={69--77},
  year={1976},
  publisher={Springer}
}

@incollection{inverserel,
  title={Experience at Rancho Los Amigos Hospital with devices and techniques to prevent pressure sores},
  author={Reswick, JB and Rogers, JE},
  booktitle={Bed sore biomechanics},
  pages={301--310},
  year={1976},
  publisher={Springer}
}

@article{celldeaththresh,
  title={Pressure--time cell death threshold for albino rat skeletal muscles as related to pressure sore biomechanics},
  author={Linder-Ganz, Eran and Engelberg, Santiego and Scheinowitz, Mickey and Gefen, Amit},
  journal={Journal of biomechanics},
  volume={39},
  number={14},
  pages={2725--2732},
  year={2006},
  publisher={Elsevier}
}

@article{cyclicpressure,
  title={Effects of different cyclic pressurization and relief patterns on heel skin blood perfusion},
  author={Mayrovitz, Harvey N and Sims, Nancy},
  journal={Advances in Skin \& Wound Care},
  volume={15},
  number={4},
  pages={158--164},
  year={2002},
  publisher={LWW}
}

@misc{animalmodels,
  title={Animal models in pressure ulcer research},
  author={Salcido, Richard and Popescu, Adrian and Ahn, Chulhyun},
  year={2007},
  publisher={Taylor \& Francis}
}

@article{deephypo,
  title={Are all pressure ulcers the result of deep tissue injury? A review of the literature},
  author={Berlowitz, Dan R and Brienza, David M},
  journal={Ostomy Wound Management},
  volume={53},
  number={10},
  pages={34},
  year={2007},
  publisher={HEALTH MANAGEMENT PUBLICATIONS LTD}
}

@article{cochranerisk,
  title={Risk assessment tools for the prevention of pressure ulcers},
  author={Moore, Zena EH and Patton, Declan},
  journal={Cochrane Database of Systematic Reviews},
  number={1},
  year={2019},
  publisher={John Wiley \& Sons, Ltd}
}

@article{bradenscale,
  title={An overview of pressure ulcer risk assessment tools.},
  author={Fletcher, Jacqui},
  journal={Wounds UK},
  volume={13},
  number={1},
  year={2017}
}

@article{sara,
  title={Preventing and treating pressure ulcers: evidence review},
  author={Chapman, Sarah},
  journal={British journal of community nursing},
  volume={22},
  number={Sup3},
  pages={S37--S40},
  year={2017},
  publisher={MA Healthcare London}
}

@article{elderabuse,
  title={Two-Hourly Repositioning for Prevention of Pressure Ulcers in the Elderly: Patient Safety or Elder Abuse?},
  author={Sharp, Catherine A and Moore, Jennifer S Schulz and McLaws, Mary-Louise},
  journal={Journal of bioethical inquiry},
  volume={16},
  number={1},
  pages={17--34},
  year={2019},
  publisher={Springer}
}

@article{his,
  title={A review on equipped hospital beds with wireless sensor networks for reducing bedsores},
  author={Ajami, Sima and Khaleghi, Lida},
  journal={Journal of research in medical sciences: the official journal of Isfahan University of Medical Sciences},
  volume={20},
  number={10},
  pages={1007},
  year={2015},
  publisher={Wolters Kluwer--Medknow Publications}
}

@article{pvdf,
  title={Wearable and unconstrained systems based on PVDF sensors in physiological signals monitoring: A brief review},
  author={Xin, Yi and Guo, Chao and Qi, Xiaohui and Tian, Hongying and Li, Xiang and Dai, Qiang and Wang, Shuhong and Wang, Cheng},
  journal={Ferroelectrics},
  volume={500},
  number={1},
  pages={291--300},
  year={2016},
  publisher={Taylor \& Francis}
}

@article{pvdfemb,
  title={Sewing machine stitching of polyvinylidene fluoride fibers: programmable textile patterns for wearable triboelectric sensors},
  author={Shin, Young-Eun and Lee, Jeong-Eun and Park, Yoojeong and Hwang, Sang-Ha and Chae, Han Gi and Ko, Hyunhyub},
  journal={Journal of Materials Chemistry A},
  volume={6},
  number={45},
  pages={22879--22888},
  year={2018},
  publisher={Royal Society of Chemistry}
}

@article{sensormanufac,
  title={Wearable electronics and smart textiles: a critical review},
  author={Stoppa, Matteo and Chiolerio, Alessandro},
  journal={sensors},
  volume={14},
  number={7},
  pages={11957--11992},
  year={2014},
  publisher={Multidisciplinary Digital Publishing Institute}
}

@INPROCEEDINGS{smartmat,
  author={R. {Yousefi} and S. {Ostadabbas} and M. {Faezipour} and M. {Nourani} and V. {Ng} and L. {Tamil} and A. {Bowling} and D. {Behan} and M. {Pompeo}},
  booktitle={2011 4th International Conference on Biomedical Engineering and Informatics (BMEI)}, 
  title={A smart bed platform for monitoring   Ulcer prevention}, 
  year={2011},
  volume={3},
  number={},
  pages={1362-1366},}

@inproceedings{smartmat2,
  title={Design and control of a smart bed for pressure ulcer prevention},
  author={Brush, Zachary and Bowling, Alan and Tadros, Michael and Russell, Michael},
  booktitle={2013 IEEE/ASME International Conference on Advanced Intelligent Mechatronics},
  pages={1033--1038},
  year={2013},
  organization={IEEE}
}

@INPROCEEDINGS{schedule,
  author={S. {Ostadabbas} and R. {Yousefi} and M. {Faezipour} and M. {Nourani} and M. {Pompeo}},
  booktitle={2011 IEEE/NIH Life Science Systems and Applications Workshop (LiSSA)}, 
  title={Pressure ulcer prevention: An efficient turning schedule for bed-bound patients}, 
  year={2011},
  volume={},
  number={},
  pages={159-162},}

@article{sensors,
author = {Xu, Fenlan and Li, Xiuyan and Shi, Yue and Li, Luhai and Wang, Wei and He, Liang and Liu, Ruping},
year = {2018},
month = {11},
pages = {580},
title = {Recent Developments for Flexible Pressure Sensors: A Review},
volume = {9},
journal = {Micromachines},
doi = {10.3390/mi9110580}
}

@article{velostat1,
author = {Giovanelli, Davide and Farella, Elisabetta},
year = {2016},
month = {02},
pages = {1-13},
title = {Force Sensing Resistor and Evaluation of Technology for Wearable Body Pressure Sensing},
volume = {2016},
journal = {Journal of Sensors},
doi = {10.1155/2016/9391850}
}

@article{velostat2,
author = {Giovanelli, Davide and Farella, Elisabetta},
year = {2016},
month = {02},
pages = {1-13},
title = {Force Sensing Resistor and Evaluation of Technology for Wearable Body Pressure Sensing},
volume = {2016},
journal = {Journal of Sensors},
doi = {10.1155/2016/9391850}
}

@article{pressure-sensor1,
author = {Someya, Takao and Kato, Yusaku and Sekitani, Tsuyoshi and Iba, Shingo and Noguchi, Yoshiaki and Murase, Yousuke and Kawaguchi, Hiroshi and Sakurai, Takayasu},
year = {2005},
month = {09},
pages = {12321-5},
title = {Conformable, flexible, large-area networks of pressure and thermal sensors with organic transistor active matrixes},
volume = {102},
journal = {Proceedings of the National Academy of Sciences of the United States of America},
doi = {10.1073/pnas.0502392102}
}

@inproceedings{velsensor,
author = {Suprapto, Sena and Zakaria, Hazem and Adiprawita, Widyawardana and Supartono, Basuki},
year = {2017},
month = {11},
pages = {137-140},
title = {Low-Cost Pressure Sensor Matrix Using Velostat},
doi = {10.1109/ICICI-BME.2017.8537720}
}

@article{newulcerbooks,
  title={Pressure ulcer research: current and future perspectives},
  author={Bader, Dan L},
  year={2005},
  publisher={Springer Science \& Business Media}
}

@article{putheories,
  title={Etiology and pathology of pressure sores: a literature review},
  author={Bouten, Carlijn VC},
  journal={DCT rapporten},
  volume={1996},
  year={1996},
  publisher={Technische Universiteit Eindhoven}
}


@article{sostoolkit,
  title={TOOLKIT FOR PRESSURE ULCER PREVENTION AND TREATMENT},
  author={HOMAâ€™SSKIN, SAVEOKLA}
}